%YAML 1.1
%TAG !u! tag:unity3d.com,2011:
--- !u!1 &688885740
GameObject:
  m_ObjectHideFlags: 0
  m_CorrespondingSourceObject: {fileID: 0}
  m_PrefabInstance: {fileID: 0}
  m_PrefabAsset: {fileID: 0}
  serializedVersion: 6
  m_Component:
  - component: {fileID: 688885741}
  - component: {fileID: 688885743}
  - component: {fileID: 688885742}
  m_Layer: 0
  m_Name: Text
  m_TagString: Untagged
  m_Icon: {fileID: 0}
  m_NavMeshLayer: 0
  m_StaticEditorFlags: 0
  m_IsActive: 1
--- !u!224 &688885741
RectTransform:
  m_ObjectHideFlags: 0
  m_CorrespondingSourceObject: {fileID: 0}
  m_PrefabInstance: {fileID: 0}
  m_PrefabAsset: {fileID: 0}
  m_GameObject: {fileID: 688885740}
  m_LocalRotation: {x: -0, y: -0, z: -0, w: 1}
  m_LocalPosition: {x: 0, y: 0, z: 0}
  m_LocalScale: {x: 1, y: 1, z: 1}
  m_Children: []
  m_Father: {fileID: 1217075116}
  m_RootOrder: 0
  m_LocalEulerAnglesHint: {x: 0, y: 0, z: 0}
  m_AnchorMin: {x: 0, y: 0}
  m_AnchorMax: {x: 1, y: 1}
  m_AnchoredPosition: {x: 0, y: 0}
  m_SizeDelta: {x: 0, y: 0}
  m_Pivot: {x: 0.5, y: 0.5}
--- !u!222 &688885743
CanvasRenderer:
  m_ObjectHideFlags: 0
  m_CorrespondingSourceObject: {fileID: 0}
  m_PrefabInstance: {fileID: 0}
  m_PrefabAsset: {fileID: 0}
  m_GameObject: {fileID: 688885740}
  m_CullTransparentMesh: 1
--- !u!114 &688885742
MonoBehaviour:
  m_ObjectHideFlags: 0
  m_CorrespondingSourceObject: {fileID: 0}
  m_PrefabInstance: {fileID: 0}
  m_PrefabAsset: {fileID: 0}
  m_GameObject: {fileID: 688885740}
  m_Enabled: 1
  m_EditorHideFlags: 0
  m_Script: {fileID: 11500000, guid: 5f7201a12d95ffc409449d95f23cf332, type: 3}
  m_Name: 
  m_EditorClassIdentifier: 
  m_Material: {fileID: 0}
  m_Color: {r: 0.19607843, g: 0.19607843, b: 0.19607843, a: 1}
  m_RaycastTarget: 1
  m_RaycastPadding: {x: 0, y: 0, z: 0, w: 0}
  m_Maskable: 1
  m_OnCullStateChanged:
    m_PersistentCalls:
      m_Calls: []
  m_FontData:
    m_Font: {fileID: 10102, guid: 0000000000000000e000000000000000, type: 0}
    m_FontSize: 38
    m_FontStyle: 0
    m_BestFit: 0
    m_MinSize: 10
    m_MaxSize: 78
    m_Alignment: 4
    m_AlignByGeometry: 0
    m_RichText: 1
    m_HorizontalOverflow: 0
    m_VerticalOverflow: 0
    m_LineSpacing: 1
  m_Text: Back
--- !u!1 &1217075115
GameObject:
  m_ObjectHideFlags: 0
  m_CorrespondingSourceObject: {fileID: 0}
  m_PrefabInstance: {fileID: 0}
  m_PrefabAsset: {fileID: 0}
  serializedVersion: 6
  m_Component:
  - component: {fileID: 1217075116}
  - component: {fileID: 1217075119}
  - component: {fileID: 1217075118}
  - component: {fileID: 1217075117}
  m_Layer: 0
  m_Name: Back
  m_TagString: Untagged
  m_Icon: {fileID: 0}
  m_NavMeshLayer: 0
  m_StaticEditorFlags: 0
  m_IsActive: 0
--- !u!224 &1217075116
RectTransform:
  m_ObjectHideFlags: 0
  m_CorrespondingSourceObject: {fileID: 0}
  m_PrefabInstance: {fileID: 0}
  m_PrefabAsset: {fileID: 0}
  m_GameObject: {fileID: 1217075115}
  m_LocalRotation: {x: 0, y: 0, z: 0, w: 1}
  m_LocalPosition: {x: 0, y: 0, z: 0}
  m_LocalScale: {x: 1, y: 1, z: 1}
  m_Children:
  - {fileID: 688885741}
  m_Father: {fileID: 4847827153431046719}
  m_RootOrder: 2
  m_LocalEulerAnglesHint: {x: 0, y: 0, z: 0}
  m_AnchorMin: {x: 0, y: 1}
  m_AnchorMax: {x: 0, y: 1}
  m_AnchoredPosition: {x: 100, y: -100}
  m_SizeDelta: {x: 160, y: 160}
  m_Pivot: {x: 0.5, y: 0.5}
--- !u!222 &1217075119
CanvasRenderer:
  m_ObjectHideFlags: 0
  m_CorrespondingSourceObject: {fileID: 0}
  m_PrefabInstance: {fileID: 0}
  m_PrefabAsset: {fileID: 0}
  m_GameObject: {fileID: 1217075115}
  m_CullTransparentMesh: 1
--- !u!114 &1217075118
MonoBehaviour:
  m_ObjectHideFlags: 0
  m_CorrespondingSourceObject: {fileID: 0}
  m_PrefabInstance: {fileID: 0}
  m_PrefabAsset: {fileID: 0}
  m_GameObject: {fileID: 1217075115}
  m_Enabled: 1
  m_EditorHideFlags: 0
  m_Script: {fileID: 11500000, guid: fe87c0e1cc204ed48ad3b37840f39efc, type: 3}
  m_Name: 
  m_EditorClassIdentifier: 
  m_Material: {fileID: 0}
  m_Color: {r: 1, g: 1, b: 1, a: 1}
  m_RaycastTarget: 1
  m_RaycastPadding: {x: 0, y: 0, z: 0, w: 0}
  m_Maskable: 1
  m_OnCullStateChanged:
    m_PersistentCalls:
      m_Calls: []
  m_Sprite: {fileID: 10905, guid: 0000000000000000f000000000000000, type: 0}
  m_Type: 1
  m_PreserveAspect: 0
  m_FillCenter: 1
  m_FillMethod: 4
  m_FillAmount: 1
  m_FillClockwise: 1
  m_FillOrigin: 0
  m_UseSpriteMesh: 0
  m_PixelsPerUnitMultiplier: 1
--- !u!114 &1217075117
MonoBehaviour:
  m_ObjectHideFlags: 0
  m_CorrespondingSourceObject: {fileID: 0}
  m_PrefabInstance: {fileID: 0}
  m_PrefabAsset: {fileID: 0}
  m_GameObject: {fileID: 1217075115}
  m_Enabled: 1
  m_EditorHideFlags: 0
  m_Script: {fileID: 11500000, guid: 4e29b1a8efbd4b44bb3f3716e73f07ff, type: 3}
  m_Name: 
  m_EditorClassIdentifier: 
  m_Navigation:
    m_Mode: 3
    m_WrapAround: 0
    m_SelectOnUp: {fileID: 0}
    m_SelectOnDown: {fileID: 0}
    m_SelectOnLeft: {fileID: 0}
    m_SelectOnRight: {fileID: 0}
  m_Transition: 1
  m_Colors:
    m_NormalColor: {r: 1, g: 1, b: 1, a: 1}
    m_HighlightedColor: {r: 0.9607843, g: 0.9607843, b: 0.9607843, a: 1}
    m_PressedColor: {r: 0.78431374, g: 0.78431374, b: 0.78431374, a: 1}
    m_SelectedColor: {r: 0.9607843, g: 0.9607843, b: 0.9607843, a: 1}
    m_DisabledColor: {r: 0.78431374, g: 0.78431374, b: 0.78431374, a: 0.5019608}
    m_ColorMultiplier: 1
    m_FadeDuration: 0.1
  m_SpriteState:
    m_HighlightedSprite: {fileID: 0}
    m_PressedSprite: {fileID: 0}
    m_SelectedSprite: {fileID: 0}
    m_DisabledSprite: {fileID: 0}
  m_AnimationTriggers:
    m_NormalTrigger: Normal
    m_HighlightedTrigger: Highlighted
    m_PressedTrigger: Pressed
    m_SelectedTrigger: Selected
    m_DisabledTrigger: Disabled
  m_Interactable: 1
  m_TargetGraphic: {fileID: 1217075118}
  m_OnClick:
    m_PersistentCalls:
      m_Calls:
      - m_Target: {fileID: -4818050688450836611}
        m_TargetAssemblyTypeName: RecordRawOverlayView, Assembly-CSharp
        m_MethodName: OnBackButtonPress
        m_Mode: 1
        m_Arguments:
          m_ObjectArgument: {fileID: 0}
          m_ObjectArgumentAssemblyTypeName: UnityEngine.Object, UnityEngine
          m_IntArgument: 0
          m_FloatArgument: 0
          m_StringArgument: 
          m_BoolArgument: 0
        m_CallState: 2
--- !u!1 &2754800803831561851
GameObject:
  m_ObjectHideFlags: 0
  m_CorrespondingSourceObject: {fileID: 0}
  m_PrefabInstance: {fileID: 0}
  m_PrefabAsset: {fileID: 0}
  serializedVersion: 6
  m_Component:
  - component: {fileID: 6843623825416986336}
  - component: {fileID: 4358836262040530848}
  - component: {fileID: 2046949918579046822}
  m_Layer: 5
  m_Name: Image
  m_TagString: Untagged
  m_Icon: {fileID: 0}
  m_NavMeshLayer: 0
  m_StaticEditorFlags: 0
  m_IsActive: 1
--- !u!224 &6843623825416986336
RectTransform:
  m_ObjectHideFlags: 0
  m_CorrespondingSourceObject: {fileID: 0}
  m_PrefabInstance: {fileID: 0}
  m_PrefabAsset: {fileID: 0}
  m_GameObject: {fileID: 2754800803831561851}
  m_LocalRotation: {x: -0, y: -0, z: -0, w: 1}
  m_LocalPosition: {x: 0, y: 0, z: 0}
  m_LocalScale: {x: 1, y: 1, z: 1}
  m_Children: []
  m_Father: {fileID: 4847827153431046719}
  m_RootOrder: 0
  m_LocalEulerAnglesHint: {x: 0, y: 0, z: 0}
  m_AnchorMin: {x: 0, y: 0}
  m_AnchorMax: {x: 1, y: 1}
  m_AnchoredPosition: {x: 0, y: 0}
  m_SizeDelta: {x: 0, y: 0}
  m_Pivot: {x: 0.5, y: 0.5}
--- !u!222 &4358836262040530848
CanvasRenderer:
  m_ObjectHideFlags: 0
  m_CorrespondingSourceObject: {fileID: 0}
  m_PrefabInstance: {fileID: 0}
  m_PrefabAsset: {fileID: 0}
  m_GameObject: {fileID: 2754800803831561851}
  m_CullTransparentMesh: 0
--- !u!114 &2046949918579046822
MonoBehaviour:
  m_ObjectHideFlags: 0
  m_CorrespondingSourceObject: {fileID: 0}
  m_PrefabInstance: {fileID: 0}
  m_PrefabAsset: {fileID: 0}
  m_GameObject: {fileID: 2754800803831561851}
  m_Enabled: 0
  m_EditorHideFlags: 0
  m_Script: {fileID: 11500000, guid: fe87c0e1cc204ed48ad3b37840f39efc, type: 3}
  m_Name: 
  m_EditorClassIdentifier: 
  m_Material: {fileID: 0}
  m_Color: {r: 1, g: 1, b: 1, a: 1}
  m_RaycastTarget: 1
  m_RaycastPadding: {x: 0, y: 0, z: 0, w: 0}
  m_Maskable: 1
  m_OnCullStateChanged:
    m_PersistentCalls:
      m_Calls: []
  m_Sprite: {fileID: 0}
  m_Type: 0
  m_PreserveAspect: 0
  m_FillCenter: 1
  m_FillMethod: 4
  m_FillAmount: 1
  m_FillClockwise: 1
  m_FillOrigin: 0
  m_UseSpriteMesh: 0
  m_PixelsPerUnitMultiplier: 1
--- !u!1 &4637023549319498829
GameObject:
  m_ObjectHideFlags: 0
  m_CorrespondingSourceObject: {fileID: 0}
  m_PrefabInstance: {fileID: 0}
  m_PrefabAsset: {fileID: 0}
  serializedVersion: 6
  m_Component:
  - component: {fileID: 4847827153431046719}
  - component: {fileID: 4084891433653313923}
  - component: {fileID: -4818050688450836611}
  m_Layer: 0
  m_Name: RecordRawView
  m_TagString: Untagged
  m_Icon: {fileID: 0}
  m_NavMeshLayer: 0
  m_StaticEditorFlags: 0
  m_IsActive: 1
--- !u!224 &4847827153431046719
RectTransform:
  m_ObjectHideFlags: 0
  m_CorrespondingSourceObject: {fileID: 0}
  m_PrefabInstance: {fileID: 0}
  m_PrefabAsset: {fileID: 0}
  m_GameObject: {fileID: 4637023549319498829}
  m_LocalRotation: {x: 0, y: 0, z: 0, w: 1}
  m_LocalPosition: {x: 0, y: 0, z: 0}
  m_LocalScale: {x: 1, y: 1, z: 1}
  m_Children:
  - {fileID: 6843623825416986336}
  - {fileID: 614127112630918373}
  - {fileID: 1217075116}
  - {fileID: 3536563015651002332}
  - {fileID: 1089868467152282137}
  - {fileID: 7257717327095078292}
  m_Father: {fileID: 0}
  m_RootOrder: 0
  m_LocalEulerAnglesHint: {x: 0, y: 0, z: 0}
  m_AnchorMin: {x: 0, y: 0}
  m_AnchorMax: {x: 1, y: 1}
  m_AnchoredPosition: {x: 0, y: 0}
  m_SizeDelta: {x: 0, y: 0}
  m_Pivot: {x: 0.5, y: 0.5}
--- !u!225 &4084891433653313923
CanvasGroup:
  m_ObjectHideFlags: 0
  m_CorrespondingSourceObject: {fileID: 0}
  m_PrefabInstance: {fileID: 0}
  m_PrefabAsset: {fileID: 0}
  m_GameObject: {fileID: 4637023549319498829}
  m_Enabled: 1
  m_Alpha: 1
  m_Interactable: 1
  m_BlocksRaycasts: 1
  m_IgnoreParentGroups: 0
--- !u!114 &-4818050688450836611
MonoBehaviour:
  m_ObjectHideFlags: 0
  m_CorrespondingSourceObject: {fileID: 0}
  m_PrefabInstance: {fileID: 0}
  m_PrefabAsset: {fileID: 0}
  m_GameObject: {fileID: 4637023549319498829}
  m_Enabled: 1
  m_EditorHideFlags: 0
  m_Script: {fileID: 11500000, guid: 51bf9f111ec1c45b287087b6238914c5, type: 3}
  m_Name: 
  m_EditorClassIdentifier: 
  progressBar: {fileID: 8476037014296439193}
  countdown: {fileID: 4620098843545732591}
  recButton: {fileID: 1647339217729202661}
  recButtonContainer: {fileID: 1563184267937986393}
  instructions: {fileID: 6513889382702669471}
  planesHiddenToggle: {fileID: 8861378414933781401}
  JustASec: {fileID: 7468202046512724966}
--- !u!1 &5192342051860817002
GameObject:
  m_ObjectHideFlags: 0
  m_CorrespondingSourceObject: {fileID: 0}
  m_PrefabInstance: {fileID: 0}
  m_PrefabAsset: {fileID: 0}
  serializedVersion: 6
  m_Component:
  - component: {fileID: 351908918727168884}
  - component: {fileID: 3570008106701195994}
  - component: {fileID: 4620098843545732591}
  m_Layer: 0
  m_Name: Countdown
  m_TagString: Untagged
  m_Icon: {fileID: 0}
  m_NavMeshLayer: 0
  m_StaticEditorFlags: 0
  m_IsActive: 0
--- !u!224 &351908918727168884
RectTransform:
  m_ObjectHideFlags: 0
  m_CorrespondingSourceObject: {fileID: 0}
  m_PrefabInstance: {fileID: 0}
  m_PrefabAsset: {fileID: 0}
  m_GameObject: {fileID: 5192342051860817002}
  m_LocalRotation: {x: -0, y: -0, z: -0, w: 1}
  m_LocalPosition: {x: 0, y: 0, z: 0}
  m_LocalScale: {x: 1, y: 1, z: 1}
  m_Children: []
  m_Father: {fileID: 614127112630918373}
  m_RootOrder: 5
  m_LocalEulerAnglesHint: {x: 0, y: 0, z: 0}
  m_AnchorMin: {x: 0.5, y: 0.5}
  m_AnchorMax: {x: 0.5, y: 0.5}
  m_AnchoredPosition: {x: 0, y: 0}
  m_SizeDelta: {x: 200, y: 200}
  m_Pivot: {x: 0.5, y: 0.5}
--- !u!222 &3570008106701195994
CanvasRenderer:
  m_ObjectHideFlags: 0
  m_CorrespondingSourceObject: {fileID: 0}
  m_PrefabInstance: {fileID: 0}
  m_PrefabAsset: {fileID: 0}
  m_GameObject: {fileID: 5192342051860817002}
  m_CullTransparentMesh: 1
--- !u!114 &4620098843545732591
MonoBehaviour:
  m_ObjectHideFlags: 0
  m_CorrespondingSourceObject: {fileID: 0}
  m_PrefabInstance: {fileID: 0}
  m_PrefabAsset: {fileID: 0}
  m_GameObject: {fileID: 5192342051860817002}
  m_Enabled: 1
  m_EditorHideFlags: 0
  m_Script: {fileID: 11500000, guid: f4688fdb7df04437aeb418b961361dc5, type: 3}
  m_Name: 
  m_EditorClassIdentifier: 
  m_Material: {fileID: 0}
  m_Color: {r: 1, g: 1, b: 1, a: 1}
  m_RaycastTarget: 1
  m_RaycastPadding: {x: 0, y: 0, z: 0, w: 0}
  m_Maskable: 1
  m_OnCullStateChanged:
    m_PersistentCalls:
      m_Calls: []
  m_text: 15
  m_isRightToLeft: 0
  m_fontAsset: {fileID: 11400000, guid: 188194a8eac4e45e1a612c8ecaf9e025, type: 2}
  m_sharedMaterial: {fileID: -8396466824094340883, guid: 188194a8eac4e45e1a612c8ecaf9e025, type: 2}
  m_fontSharedMaterials: []
  m_fontMaterial: {fileID: 0}
  m_fontMaterials: []
  m_fontColor32:
    serializedVersion: 2
    rgba: 4294967295
  m_fontColor: {r: 1, g: 1, b: 1, a: 1}
  m_enableVertexGradient: 0
  m_colorMode: 3
  m_fontColorGradient:
    topLeft: {r: 1, g: 1, b: 1, a: 1}
    topRight: {r: 1, g: 1, b: 1, a: 1}
    bottomLeft: {r: 1, g: 1, b: 1, a: 1}
    bottomRight: {r: 1, g: 1, b: 1, a: 1}
  m_fontColorGradientPreset: {fileID: 0}
  m_spriteAsset: {fileID: 0}
  m_tintAllSprites: 0
  m_StyleSheet: {fileID: 0}
  m_TextStyleHashCode: -1183493901
  m_overrideHtmlColors: 0
  m_faceColor:
    serializedVersion: 2
    rgba: 4294967295
  m_fontSize: 144.7
  m_fontSizeBase: 144.7
  m_fontWeight: 400
  m_enableAutoSizing: 0
  m_fontSizeMin: 18
  m_fontSizeMax: 72
  m_fontStyle: 0
  m_HorizontalAlignment: 2
  m_VerticalAlignment: 512
  m_textAlignment: 65535
  m_characterSpacing: 0
  m_wordSpacing: 0
  m_lineSpacing: 0
  m_lineSpacingMax: 0
  m_paragraphSpacing: 0
  m_charWidthMaxAdj: 0
  m_enableWordWrapping: 1
  m_wordWrappingRatios: 0.4
  m_overflowMode: 0
  m_linkedTextComponent: {fileID: 0}
  parentLinkedComponent: {fileID: 0}
  m_enableKerning: 1
  m_enableExtraPadding: 0
  checkPaddingRequired: 0
  m_isRichText: 1
  m_parseCtrlCharacters: 1
  m_isOrthographic: 1
  m_isCullingEnabled: 0
  m_horizontalMapping: 0
  m_verticalMapping: 0
  m_uvLineOffset: 0
  m_geometrySortingOrder: 0
  m_IsTextObjectScaleStatic: 0
  m_VertexBufferAutoSizeReduction: 1
  m_useMaxVisibleDescender: 1
  m_pageToDisplay: 1
  m_margin: {x: 0, y: 0, z: 0, w: 0}
  m_isUsingLegacyAnimationComponent: 0
  m_isVolumetricText: 0
  m_hasFontAssetChanged: 0
  m_baseMaterial: {fileID: 0}
  m_maskOffset: {x: 0, y: 0, z: 0, w: 0}
--- !u!1001 &5118158937903541180
PrefabInstance:
  m_ObjectHideFlags: 0
  serializedVersion: 2
  m_Modification:
    m_TransformParent: {fileID: 614127112630918373}
    m_Modifications:
    - target: {fileID: 1233394230444276326, guid: cf69f9ff449824ae8856537cfeca6b6c, type: 3}
      propertyPath: m_Name
      value: Text_Prompt
      objectReference: {fileID: 0}
    - target: {fileID: 2117432408215483683, guid: cf69f9ff449824ae8856537cfeca6b6c, type: 3}
      propertyPath: m_text
      value: Tap to record a 20" video
      objectReference: {fileID: 0}
    - target: {fileID: 4065826209582253265, guid: cf69f9ff449824ae8856537cfeca6b6c, type: 3}
      propertyPath: m_Pivot.x
      value: 0.5
      objectReference: {fileID: 0}
    - target: {fileID: 4065826209582253265, guid: cf69f9ff449824ae8856537cfeca6b6c, type: 3}
      propertyPath: m_Pivot.y
      value: 0.5
      objectReference: {fileID: 0}
    - target: {fileID: 4065826209582253265, guid: cf69f9ff449824ae8856537cfeca6b6c, type: 3}
      propertyPath: m_RootOrder
      value: 6
      objectReference: {fileID: 0}
    - target: {fileID: 4065826209582253265, guid: cf69f9ff449824ae8856537cfeca6b6c, type: 3}
      propertyPath: m_AnchorMax.x
      value: 0.5
      objectReference: {fileID: 0}
    - target: {fileID: 4065826209582253265, guid: cf69f9ff449824ae8856537cfeca6b6c, type: 3}
      propertyPath: m_AnchorMax.y
      value: 0
      objectReference: {fileID: 0}
    - target: {fileID: 4065826209582253265, guid: cf69f9ff449824ae8856537cfeca6b6c, type: 3}
      propertyPath: m_AnchorMin.x
      value: 0.5
      objectReference: {fileID: 0}
    - target: {fileID: 4065826209582253265, guid: cf69f9ff449824ae8856537cfeca6b6c, type: 3}
      propertyPath: m_AnchorMin.y
      value: 0
      objectReference: {fileID: 0}
    - target: {fileID: 4065826209582253265, guid: cf69f9ff449824ae8856537cfeca6b6c, type: 3}
      propertyPath: m_SizeDelta.x
      value: 988.91
      objectReference: {fileID: 0}
    - target: {fileID: 4065826209582253265, guid: cf69f9ff449824ae8856537cfeca6b6c, type: 3}
      propertyPath: m_SizeDelta.y
      value: 151.5
      objectReference: {fileID: 0}
    - target: {fileID: 4065826209582253265, guid: cf69f9ff449824ae8856537cfeca6b6c, type: 3}
      propertyPath: m_LocalPosition.x
      value: 0
      objectReference: {fileID: 0}
    - target: {fileID: 4065826209582253265, guid: cf69f9ff449824ae8856537cfeca6b6c, type: 3}
      propertyPath: m_LocalPosition.y
      value: 0
      objectReference: {fileID: 0}
    - target: {fileID: 4065826209582253265, guid: cf69f9ff449824ae8856537cfeca6b6c, type: 3}
      propertyPath: m_LocalPosition.z
      value: 0
      objectReference: {fileID: 0}
    - target: {fileID: 4065826209582253265, guid: cf69f9ff449824ae8856537cfeca6b6c, type: 3}
      propertyPath: m_LocalRotation.w
      value: 1
      objectReference: {fileID: 0}
    - target: {fileID: 4065826209582253265, guid: cf69f9ff449824ae8856537cfeca6b6c, type: 3}
      propertyPath: m_LocalRotation.x
      value: -0
      objectReference: {fileID: 0}
    - target: {fileID: 4065826209582253265, guid: cf69f9ff449824ae8856537cfeca6b6c, type: 3}
      propertyPath: m_LocalRotation.y
      value: -0
      objectReference: {fileID: 0}
    - target: {fileID: 4065826209582253265, guid: cf69f9ff449824ae8856537cfeca6b6c, type: 3}
      propertyPath: m_LocalRotation.z
      value: -0
      objectReference: {fileID: 0}
    - target: {fileID: 4065826209582253265, guid: cf69f9ff449824ae8856537cfeca6b6c, type: 3}
      propertyPath: m_AnchoredPosition.x
      value: 0
      objectReference: {fileID: 0}
    - target: {fileID: 4065826209582253265, guid: cf69f9ff449824ae8856537cfeca6b6c, type: 3}
      propertyPath: m_AnchoredPosition.y
      value: -14
      objectReference: {fileID: 0}
    - target: {fileID: 4065826209582253265, guid: cf69f9ff449824ae8856537cfeca6b6c, type: 3}
      propertyPath: m_LocalEulerAnglesHint.x
      value: 0
      objectReference: {fileID: 0}
    - target: {fileID: 4065826209582253265, guid: cf69f9ff449824ae8856537cfeca6b6c, type: 3}
      propertyPath: m_LocalEulerAnglesHint.y
      value: 0
      objectReference: {fileID: 0}
    - target: {fileID: 4065826209582253265, guid: cf69f9ff449824ae8856537cfeca6b6c, type: 3}
      propertyPath: m_LocalEulerAnglesHint.z
      value: 0
      objectReference: {fileID: 0}
    m_RemovedComponents: []
  m_SourcePrefab: {fileID: 100100000, guid: cf69f9ff449824ae8856537cfeca6b6c, type: 3}
--- !u!114 &6513889382702669471 stripped
MonoBehaviour:
  m_CorrespondingSourceObject: {fileID: 2117432408215483683, guid: cf69f9ff449824ae8856537cfeca6b6c, type: 3}
  m_PrefabInstance: {fileID: 5118158937903541180}
  m_PrefabAsset: {fileID: 0}
  m_GameObject: {fileID: 0}
  m_Enabled: 1
  m_EditorHideFlags: 0
  m_Script: {fileID: 11500000, guid: f4688fdb7df04437aeb418b961361dc5, type: 3}
  m_Name: 
  m_EditorClassIdentifier: 
--- !u!1001 &5219643941975895437
PrefabInstance:
  m_ObjectHideFlags: 0
  serializedVersion: 2
  m_Modification:
    m_TransformParent: {fileID: 4847827153431046719}
    m_Modifications:
    - target: {fileID: 5147644172902911892, guid: 4064bc5f6ff5f40228e766ee8dd96cb9, type: 3}
      propertyPath: m_Pivot.x
      value: 0.5
      objectReference: {fileID: 0}
    - target: {fileID: 5147644172902911892, guid: 4064bc5f6ff5f40228e766ee8dd96cb9, type: 3}
      propertyPath: m_Pivot.y
      value: 0.5
      objectReference: {fileID: 0}
    - target: {fileID: 5147644172902911892, guid: 4064bc5f6ff5f40228e766ee8dd96cb9, type: 3}
      propertyPath: m_RootOrder
      value: 4
      objectReference: {fileID: 0}
    - target: {fileID: 5147644172902911892, guid: 4064bc5f6ff5f40228e766ee8dd96cb9, type: 3}
      propertyPath: m_AnchorMax.x
      value: 0
      objectReference: {fileID: 0}
    - target: {fileID: 5147644172902911892, guid: 4064bc5f6ff5f40228e766ee8dd96cb9, type: 3}
      propertyPath: m_AnchorMax.y
      value: 1
      objectReference: {fileID: 0}
    - target: {fileID: 5147644172902911892, guid: 4064bc5f6ff5f40228e766ee8dd96cb9, type: 3}
      propertyPath: m_AnchorMin.x
      value: 0
      objectReference: {fileID: 0}
    - target: {fileID: 5147644172902911892, guid: 4064bc5f6ff5f40228e766ee8dd96cb9, type: 3}
      propertyPath: m_AnchorMin.y
      value: 1
      objectReference: {fileID: 0}
    - target: {fileID: 5147644172902911892, guid: 4064bc5f6ff5f40228e766ee8dd96cb9, type: 3}
      propertyPath: m_SizeDelta.x
      value: 192
      objectReference: {fileID: 0}
    - target: {fileID: 5147644172902911892, guid: 4064bc5f6ff5f40228e766ee8dd96cb9, type: 3}
      propertyPath: m_SizeDelta.y
      value: 192
      objectReference: {fileID: 0}
    - target: {fileID: 5147644172902911892, guid: 4064bc5f6ff5f40228e766ee8dd96cb9, type: 3}
      propertyPath: m_LocalPosition.x
      value: 0
      objectReference: {fileID: 0}
    - target: {fileID: 5147644172902911892, guid: 4064bc5f6ff5f40228e766ee8dd96cb9, type: 3}
      propertyPath: m_LocalPosition.y
      value: 0
      objectReference: {fileID: 0}
    - target: {fileID: 5147644172902911892, guid: 4064bc5f6ff5f40228e766ee8dd96cb9, type: 3}
      propertyPath: m_LocalPosition.z
      value: 0
      objectReference: {fileID: 0}
    - target: {fileID: 5147644172902911892, guid: 4064bc5f6ff5f40228e766ee8dd96cb9, type: 3}
      propertyPath: m_LocalRotation.w
      value: 1
      objectReference: {fileID: 0}
    - target: {fileID: 5147644172902911892, guid: 4064bc5f6ff5f40228e766ee8dd96cb9, type: 3}
      propertyPath: m_LocalRotation.x
      value: -0
      objectReference: {fileID: 0}
    - target: {fileID: 5147644172902911892, guid: 4064bc5f6ff5f40228e766ee8dd96cb9, type: 3}
      propertyPath: m_LocalRotation.y
      value: -0
      objectReference: {fileID: 0}
    - target: {fileID: 5147644172902911892, guid: 4064bc5f6ff5f40228e766ee8dd96cb9, type: 3}
      propertyPath: m_LocalRotation.z
      value: -0
      objectReference: {fileID: 0}
    - target: {fileID: 5147644172902911892, guid: 4064bc5f6ff5f40228e766ee8dd96cb9, type: 3}
      propertyPath: m_AnchoredPosition.x
      value: 96
      objectReference: {fileID: 0}
    - target: {fileID: 5147644172902911892, guid: 4064bc5f6ff5f40228e766ee8dd96cb9, type: 3}
      propertyPath: m_AnchoredPosition.y
      value: -200
      objectReference: {fileID: 0}
    - target: {fileID: 5147644172902911892, guid: 4064bc5f6ff5f40228e766ee8dd96cb9, type: 3}
      propertyPath: m_LocalEulerAnglesHint.x
      value: 0
      objectReference: {fileID: 0}
    - target: {fileID: 5147644172902911892, guid: 4064bc5f6ff5f40228e766ee8dd96cb9, type: 3}
      propertyPath: m_LocalEulerAnglesHint.y
      value: 0
      objectReference: {fileID: 0}
    - target: {fileID: 5147644172902911892, guid: 4064bc5f6ff5f40228e766ee8dd96cb9, type: 3}
      propertyPath: m_LocalEulerAnglesHint.z
      value: 0
      objectReference: {fileID: 0}
    - target: {fileID: 5190783129485016352, guid: 4064bc5f6ff5f40228e766ee8dd96cb9, type: 3}
      propertyPath: m_Name
      value: Button_Back
      objectReference: {fileID: 0}
    - target: {fileID: 6034681863525499025, guid: 4064bc5f6ff5f40228e766ee8dd96cb9, type: 3}
      propertyPath: m_OnClick.m_PersistentCalls.m_Calls.Array.data[0].m_Target
      value: 
      objectReference: {fileID: -4818050688450836611}
    - target: {fileID: 6034681863525499025, guid: 4064bc5f6ff5f40228e766ee8dd96cb9, type: 3}
      propertyPath: m_OnClick.m_PersistentCalls.m_Calls.Array.data[0].m_MethodName
      value: OnBackButtonPress
      objectReference: {fileID: 0}
    - target: {fileID: 6034681863525499025, guid: 4064bc5f6ff5f40228e766ee8dd96cb9, type: 3}
      propertyPath: m_OnClick.m_PersistentCalls.m_Calls.Array.data[0].m_TargetAssemblyTypeName
      value: AppStructure.Views.RecordRawView, Assembly-CSharp
      objectReference: {fileID: 0}
    m_RemovedComponents: []
  m_SourcePrefab: {fileID: 100100000, guid: 4064bc5f6ff5f40228e766ee8dd96cb9, type: 3}
--- !u!224 &1089868467152282137 stripped
RectTransform:
  m_CorrespondingSourceObject: {fileID: 5147644172902911892, guid: 4064bc5f6ff5f40228e766ee8dd96cb9, type: 3}
  m_PrefabInstance: {fileID: 5219643941975895437}
  m_PrefabAsset: {fileID: 0}
--- !u!1001 &6122172780440195557
PrefabInstance:
  m_ObjectHideFlags: 0
  serializedVersion: 2
  m_Modification:
    m_TransformParent: {fileID: 4847827153431046719}
    m_Modifications:
    - target: {fileID: 2402315760040392828, guid: 7c6fb2de214244ada904f2ff97ce7e8d, type: 3}
      propertyPath: m_Color.a
      value: 1
      objectReference: {fileID: 0}
    - target: {fileID: 2402315760040392828, guid: 7c6fb2de214244ada904f2ff97ce7e8d, type: 3}
      propertyPath: m_Color.b
      value: 1
      objectReference: {fileID: 0}
    - target: {fileID: 2402315760040392828, guid: 7c6fb2de214244ada904f2ff97ce7e8d, type: 3}
      propertyPath: m_Color.g
      value: 1
      objectReference: {fileID: 0}
    - target: {fileID: 2402315760040392828, guid: 7c6fb2de214244ada904f2ff97ce7e8d, type: 3}
      propertyPath: m_Color.r
      value: 1
      objectReference: {fileID: 0}
    - target: {fileID: 2402315760040392828, guid: 7c6fb2de214244ada904f2ff97ce7e8d, type: 3}
      propertyPath: m_FillAmount
      value: 0
      objectReference: {fileID: 0}
    - target: {fileID: 4703966355506341564, guid: 7c6fb2de214244ada904f2ff97ce7e8d, type: 3}
      propertyPath: m_Name
      value: RecButton
      objectReference: {fileID: 0}
    - target: {fileID: 4703966355506341564, guid: 7c6fb2de214244ada904f2ff97ce7e8d, type: 3}
      propertyPath: m_IsActive
      value: 1
      objectReference: {fileID: 0}
    - target: {fileID: 4767858448444798976, guid: 7c6fb2de214244ada904f2ff97ce7e8d, type: 3}
      propertyPath: m_IsActive
      value: 1
      objectReference: {fileID: 0}
    - target: {fileID: 6661812240795651328, guid: 7c6fb2de214244ada904f2ff97ce7e8d, type: 3}
      propertyPath: m_Pivot.x
      value: 0.5
      objectReference: {fileID: 0}
    - target: {fileID: 6661812240795651328, guid: 7c6fb2de214244ada904f2ff97ce7e8d, type: 3}
      propertyPath: m_Pivot.y
      value: 0.5
      objectReference: {fileID: 0}
    - target: {fileID: 6661812240795651328, guid: 7c6fb2de214244ada904f2ff97ce7e8d, type: 3}
      propertyPath: m_RootOrder
      value: 1
      objectReference: {fileID: 0}
    - target: {fileID: 6661812240795651328, guid: 7c6fb2de214244ada904f2ff97ce7e8d, type: 3}
      propertyPath: m_AnchorMax.x
      value: 0.5
      objectReference: {fileID: 0}
    - target: {fileID: 6661812240795651328, guid: 7c6fb2de214244ada904f2ff97ce7e8d, type: 3}
      propertyPath: m_AnchorMax.y
      value: 0
      objectReference: {fileID: 0}
    - target: {fileID: 6661812240795651328, guid: 7c6fb2de214244ada904f2ff97ce7e8d, type: 3}
      propertyPath: m_AnchorMin.x
      value: 0.5
      objectReference: {fileID: 0}
    - target: {fileID: 6661812240795651328, guid: 7c6fb2de214244ada904f2ff97ce7e8d, type: 3}
      propertyPath: m_AnchorMin.y
      value: 0
      objectReference: {fileID: 0}
    - target: {fileID: 6661812240795651328, guid: 7c6fb2de214244ada904f2ff97ce7e8d, type: 3}
      propertyPath: m_SizeDelta.x
      value: 400
      objectReference: {fileID: 0}
    - target: {fileID: 6661812240795651328, guid: 7c6fb2de214244ada904f2ff97ce7e8d, type: 3}
      propertyPath: m_SizeDelta.y
      value: 400
      objectReference: {fileID: 0}
    - target: {fileID: 6661812240795651328, guid: 7c6fb2de214244ada904f2ff97ce7e8d, type: 3}
      propertyPath: m_LocalPosition.x
      value: 0
      objectReference: {fileID: 0}
    - target: {fileID: 6661812240795651328, guid: 7c6fb2de214244ada904f2ff97ce7e8d, type: 3}
      propertyPath: m_LocalPosition.y
      value: 0
      objectReference: {fileID: 0}
    - target: {fileID: 6661812240795651328, guid: 7c6fb2de214244ada904f2ff97ce7e8d, type: 3}
      propertyPath: m_LocalPosition.z
      value: 0
      objectReference: {fileID: 0}
    - target: {fileID: 6661812240795651328, guid: 7c6fb2de214244ada904f2ff97ce7e8d, type: 3}
      propertyPath: m_LocalRotation.w
      value: 1
      objectReference: {fileID: 0}
    - target: {fileID: 6661812240795651328, guid: 7c6fb2de214244ada904f2ff97ce7e8d, type: 3}
      propertyPath: m_LocalRotation.x
      value: -0
      objectReference: {fileID: 0}
    - target: {fileID: 6661812240795651328, guid: 7c6fb2de214244ada904f2ff97ce7e8d, type: 3}
      propertyPath: m_LocalRotation.y
      value: -0
      objectReference: {fileID: 0}
    - target: {fileID: 6661812240795651328, guid: 7c6fb2de214244ada904f2ff97ce7e8d, type: 3}
      propertyPath: m_LocalRotation.z
      value: -0
      objectReference: {fileID: 0}
    - target: {fileID: 6661812240795651328, guid: 7c6fb2de214244ada904f2ff97ce7e8d, type: 3}
      propertyPath: m_AnchoredPosition.x
      value: 0
      objectReference: {fileID: 0}
    - target: {fileID: 6661812240795651328, guid: 7c6fb2de214244ada904f2ff97ce7e8d, type: 3}
      propertyPath: m_AnchoredPosition.y
      value: 328
      objectReference: {fileID: 0}
    - target: {fileID: 6661812240795651328, guid: 7c6fb2de214244ada904f2ff97ce7e8d, type: 3}
      propertyPath: m_LocalEulerAnglesHint.x
      value: 0
      objectReference: {fileID: 0}
    - target: {fileID: 6661812240795651328, guid: 7c6fb2de214244ada904f2ff97ce7e8d, type: 3}
      propertyPath: m_LocalEulerAnglesHint.y
      value: 0
      objectReference: {fileID: 0}
    - target: {fileID: 6661812240795651328, guid: 7c6fb2de214244ada904f2ff97ce7e8d, type: 3}
      propertyPath: m_LocalEulerAnglesHint.z
      value: 0
      objectReference: {fileID: 0}
    - target: {fileID: 6941622321401429812, guid: 7c6fb2de214244ada904f2ff97ce7e8d, type: 3}
      propertyPath: OnPointerUpEvent.m_PersistentCalls.m_Calls.Array.data[0].m_Target
      value: 
      objectReference: {fileID: -4818050688450836611}
    - target: {fileID: 6941622321401429812, guid: 7c6fb2de214244ada904f2ff97ce7e8d, type: 3}
      propertyPath: OnPointerDownEvent.m_PersistentCalls.m_Calls.Array.data[0].m_Target
      value: 
      objectReference: {fileID: -4818050688450836611}
    - target: {fileID: 6941622321401429812, guid: 7c6fb2de214244ada904f2ff97ce7e8d, type: 3}
      propertyPath: OnPointerUpEvent.m_PersistentCalls.m_Calls.Array.data[0].m_MethodName
      value: OnRecButtonRelease
      objectReference: {fileID: 0}
    - target: {fileID: 6941622321401429812, guid: 7c6fb2de214244ada904f2ff97ce7e8d, type: 3}
      propertyPath: OnPointerDownEvent.m_PersistentCalls.m_Calls.Array.data[0].m_MethodName
      value: OnRecButtonPress
      objectReference: {fileID: 0}
    - target: {fileID: 6941622321401429812, guid: 7c6fb2de214244ada904f2ff97ce7e8d, type: 3}
      propertyPath: OnPointerUpEvent.m_PersistentCalls.m_Calls.Array.data[0].m_TargetAssemblyTypeName
      value: RecordRawView, Assembly-CSharp
      objectReference: {fileID: 0}
    - target: {fileID: 6941622321401429812, guid: 7c6fb2de214244ada904f2ff97ce7e8d, type: 3}
      propertyPath: OnPointerDownEvent.m_PersistentCalls.m_Calls.Array.data[0].m_TargetAssemblyTypeName
      value: RecordRawView, Assembly-CSharp
      objectReference: {fileID: 0}
    m_RemovedComponents: []
  m_SourcePrefab: {fileID: 100100000, guid: 7c6fb2de214244ada904f2ff97ce7e8d, type: 3}
--- !u!1 &1563184267937986393 stripped
GameObject:
  m_CorrespondingSourceObject: {fileID: 4703966355506341564, guid: 7c6fb2de214244ada904f2ff97ce7e8d, type: 3}
  m_PrefabInstance: {fileID: 6122172780440195557}
  m_PrefabAsset: {fileID: 0}
--- !u!224 &614127112630918373 stripped
RectTransform:
  m_CorrespondingSourceObject: {fileID: 6661812240795651328, guid: 7c6fb2de214244ada904f2ff97ce7e8d, type: 3}
  m_PrefabInstance: {fileID: 6122172780440195557}
  m_PrefabAsset: {fileID: 0}
--- !u!1 &1647339217729202661 stripped
GameObject:
  m_CorrespondingSourceObject: {fileID: 4767858448444798976, guid: 7c6fb2de214244ada904f2ff97ce7e8d, type: 3}
  m_PrefabInstance: {fileID: 6122172780440195557}
  m_PrefabAsset: {fileID: 0}
--- !u!114 &8476037014296439193 stripped
MonoBehaviour:
  m_CorrespondingSourceObject: {fileID: 2402315760040392828, guid: 7c6fb2de214244ada904f2ff97ce7e8d, type: 3}
  m_PrefabInstance: {fileID: 6122172780440195557}
  m_PrefabAsset: {fileID: 0}
  m_GameObject: {fileID: 0}
  m_Enabled: 1
  m_EditorHideFlags: 0
  m_Script: {fileID: 11500000, guid: fe87c0e1cc204ed48ad3b37840f39efc, type: 3}
  m_Name: 
  m_EditorClassIdentifier: 
--- !u!1001 &6231251409194616830
PrefabInstance:
  m_ObjectHideFlags: 0
  serializedVersion: 2
  m_Modification:
    m_TransformParent: {fileID: 4847827153431046719}
    m_Modifications:
    - target: {fileID: 32764214127125300, guid: 1090b8c4aef274ca8a6fd9b4bfda6a09, type: 3}
      propertyPath: m_Name
      value: Plane VisibilityToggle
      objectReference: {fileID: 0}
    - target: {fileID: 32764214127125300, guid: 1090b8c4aef274ca8a6fd9b4bfda6a09, type: 3}
      propertyPath: m_IsActive
      value: 0
      objectReference: {fileID: 0}
    - target: {fileID: 3206609785755774055, guid: 1090b8c4aef274ca8a6fd9b4bfda6a09, type: 3}
      propertyPath: m_IsOn
      value: 0
      objectReference: {fileID: 0}
    - target: {fileID: 3206609785755774055, guid: 1090b8c4aef274ca8a6fd9b4bfda6a09, type: 3}
      propertyPath: onValueChanged.m_PersistentCalls.m_Calls.Array.data[0].m_Target
      value: 
      objectReference: {fileID: -4818050688450836611}
    - target: {fileID: 3206609785755774055, guid: 1090b8c4aef274ca8a6fd9b4bfda6a09, type: 3}
      propertyPath: onValueChanged.m_PersistentCalls.m_Calls.Array.data[0].m_MethodName
      value: OnSetPlanesHiddenToggle
      objectReference: {fileID: 0}
    - target: {fileID: 3206609785755774055, guid: 1090b8c4aef274ca8a6fd9b4bfda6a09, type: 3}
      propertyPath: onValueChanged.m_PersistentCalls.m_Calls.Array.data[0].m_TargetAssemblyTypeName
      value: AppStructure.Views.RecordRawView, Assembly-CSharp
      objectReference: {fileID: 0}
    - target: {fileID: 7452823476703526946, guid: 1090b8c4aef274ca8a6fd9b4bfda6a09, type: 3}
      propertyPath: m_Pivot.x
      value: 0.5
      objectReference: {fileID: 0}
    - target: {fileID: 7452823476703526946, guid: 1090b8c4aef274ca8a6fd9b4bfda6a09, type: 3}
      propertyPath: m_Pivot.y
      value: 0.5
      objectReference: {fileID: 0}
    - target: {fileID: 7452823476703526946, guid: 1090b8c4aef274ca8a6fd9b4bfda6a09, type: 3}
      propertyPath: m_RootOrder
      value: 3
      objectReference: {fileID: 0}
    - target: {fileID: 7452823476703526946, guid: 1090b8c4aef274ca8a6fd9b4bfda6a09, type: 3}
      propertyPath: m_AnchorMax.x
      value: 1
      objectReference: {fileID: 0}
    - target: {fileID: 7452823476703526946, guid: 1090b8c4aef274ca8a6fd9b4bfda6a09, type: 3}
      propertyPath: m_AnchorMax.y
      value: 1
      objectReference: {fileID: 0}
    - target: {fileID: 7452823476703526946, guid: 1090b8c4aef274ca8a6fd9b4bfda6a09, type: 3}
      propertyPath: m_AnchorMin.x
      value: 1
      objectReference: {fileID: 0}
    - target: {fileID: 7452823476703526946, guid: 1090b8c4aef274ca8a6fd9b4bfda6a09, type: 3}
      propertyPath: m_AnchorMin.y
      value: 1
      objectReference: {fileID: 0}
    - target: {fileID: 7452823476703526946, guid: 1090b8c4aef274ca8a6fd9b4bfda6a09, type: 3}
      propertyPath: m_SizeDelta.x
      value: 192
      objectReference: {fileID: 0}
    - target: {fileID: 7452823476703526946, guid: 1090b8c4aef274ca8a6fd9b4bfda6a09, type: 3}
      propertyPath: m_SizeDelta.y
      value: 192
      objectReference: {fileID: 0}
    - target: {fileID: 7452823476703526946, guid: 1090b8c4aef274ca8a6fd9b4bfda6a09, type: 3}
      propertyPath: m_LocalPosition.x
      value: 0
      objectReference: {fileID: 0}
    - target: {fileID: 7452823476703526946, guid: 1090b8c4aef274ca8a6fd9b4bfda6a09, type: 3}
      propertyPath: m_LocalPosition.y
      value: 0
      objectReference: {fileID: 0}
    - target: {fileID: 7452823476703526946, guid: 1090b8c4aef274ca8a6fd9b4bfda6a09, type: 3}
      propertyPath: m_LocalPosition.z
      value: 0
      objectReference: {fileID: 0}
    - target: {fileID: 7452823476703526946, guid: 1090b8c4aef274ca8a6fd9b4bfda6a09, type: 3}
      propertyPath: m_LocalRotation.w
      value: 1
      objectReference: {fileID: 0}
    - target: {fileID: 7452823476703526946, guid: 1090b8c4aef274ca8a6fd9b4bfda6a09, type: 3}
      propertyPath: m_LocalRotation.x
      value: 0
      objectReference: {fileID: 0}
    - target: {fileID: 7452823476703526946, guid: 1090b8c4aef274ca8a6fd9b4bfda6a09, type: 3}
      propertyPath: m_LocalRotation.y
      value: 0
      objectReference: {fileID: 0}
    - target: {fileID: 7452823476703526946, guid: 1090b8c4aef274ca8a6fd9b4bfda6a09, type: 3}
      propertyPath: m_LocalRotation.z
      value: 0
      objectReference: {fileID: 0}
    - target: {fileID: 7452823476703526946, guid: 1090b8c4aef274ca8a6fd9b4bfda6a09, type: 3}
      propertyPath: m_AnchoredPosition.x
      value: -96
      objectReference: {fileID: 0}
    - target: {fileID: 7452823476703526946, guid: 1090b8c4aef274ca8a6fd9b4bfda6a09, type: 3}
      propertyPath: m_AnchoredPosition.y
      value: -285
      objectReference: {fileID: 0}
    - target: {fileID: 7452823476703526946, guid: 1090b8c4aef274ca8a6fd9b4bfda6a09, type: 3}
      propertyPath: m_LocalEulerAnglesHint.x
      value: 0
      objectReference: {fileID: 0}
    - target: {fileID: 7452823476703526946, guid: 1090b8c4aef274ca8a6fd9b4bfda6a09, type: 3}
      propertyPath: m_LocalEulerAnglesHint.y
      value: 0
      objectReference: {fileID: 0}
    - target: {fileID: 7452823476703526946, guid: 1090b8c4aef274ca8a6fd9b4bfda6a09, type: 3}
      propertyPath: m_LocalEulerAnglesHint.z
      value: 0
      objectReference: {fileID: 0}
    m_RemovedComponents: []
  m_SourcePrefab: {fileID: 100100000, guid: 1090b8c4aef274ca8a6fd9b4bfda6a09, type: 3}
--- !u!224 &3536563015651002332 stripped
RectTransform:
  m_CorrespondingSourceObject: {fileID: 7452823476703526946, guid: 1090b8c4aef274ca8a6fd9b4bfda6a09, type: 3}
  m_PrefabInstance: {fileID: 6231251409194616830}
  m_PrefabAsset: {fileID: 0}
--- !u!114 &8861378414933781401 stripped
MonoBehaviour:
  m_CorrespondingSourceObject: {fileID: 3206609785755774055, guid: 1090b8c4aef274ca8a6fd9b4bfda6a09, type: 3}
  m_PrefabInstance: {fileID: 6231251409194616830}
  m_PrefabAsset: {fileID: 0}
  m_GameObject: {fileID: 0}
  m_Enabled: 1
  m_EditorHideFlags: 0
  m_Script: {fileID: 11500000, guid: 9085046f02f69544eb97fd06b6048fe2, type: 3}
  m_Name: 
  m_EditorClassIdentifier: 
--- !u!1001 &8617188808337939493
PrefabInstance:
  m_ObjectHideFlags: 0
  serializedVersion: 2
  m_Modification:
    m_TransformParent: {fileID: 4847827153431046719}
    m_Modifications:
    - target: {fileID: 1167001446085306307, guid: 1edded53b573b486b8fd394e44b55901, type: 3}
      propertyPath: m_Name
      value: SessionLoadingView
      objectReference: {fileID: 0}
    - target: {fileID: 1382306997739143601, guid: 1edded53b573b486b8fd394e44b55901, type: 3}
      propertyPath: m_Pivot.x
      value: 0.5
      objectReference: {fileID: 0}
    - target: {fileID: 1382306997739143601, guid: 1edded53b573b486b8fd394e44b55901, type: 3}
      propertyPath: m_Pivot.y
      value: 0.5
      objectReference: {fileID: 0}
    - target: {fileID: 1382306997739143601, guid: 1edded53b573b486b8fd394e44b55901, type: 3}
      propertyPath: m_RootOrder
      value: 5
      objectReference: {fileID: 0}
    - target: {fileID: 1382306997739143601, guid: 1edded53b573b486b8fd394e44b55901, type: 3}
      propertyPath: m_AnchorMax.x
      value: 1
      objectReference: {fileID: 0}
    - target: {fileID: 1382306997739143601, guid: 1edded53b573b486b8fd394e44b55901, type: 3}
      propertyPath: m_AnchorMax.y
      value: 1
      objectReference: {fileID: 0}
    - target: {fileID: 1382306997739143601, guid: 1edded53b573b486b8fd394e44b55901, type: 3}
      propertyPath: m_AnchorMin.x
      value: 0
      objectReference: {fileID: 0}
    - target: {fileID: 1382306997739143601, guid: 1edded53b573b486b8fd394e44b55901, type: 3}
      propertyPath: m_AnchorMin.y
      value: 0
      objectReference: {fileID: 0}
    - target: {fileID: 1382306997739143601, guid: 1edded53b573b486b8fd394e44b55901, type: 3}
      propertyPath: m_SizeDelta.x
      value: 0
      objectReference: {fileID: 0}
    - target: {fileID: 1382306997739143601, guid: 1edded53b573b486b8fd394e44b55901, type: 3}
      propertyPath: m_SizeDelta.y
      value: 0
      objectReference: {fileID: 0}
    - target: {fileID: 1382306997739143601, guid: 1edded53b573b486b8fd394e44b55901, type: 3}
      propertyPath: m_LocalPosition.x
      value: 0
      objectReference: {fileID: 0}
    - target: {fileID: 1382306997739143601, guid: 1edded53b573b486b8fd394e44b55901, type: 3}
      propertyPath: m_LocalPosition.y
      value: 0
      objectReference: {fileID: 0}
    - target: {fileID: 1382306997739143601, guid: 1edded53b573b486b8fd394e44b55901, type: 3}
      propertyPath: m_LocalPosition.z
      value: 0
      objectReference: {fileID: 0}
    - target: {fileID: 1382306997739143601, guid: 1edded53b573b486b8fd394e44b55901, type: 3}
      propertyPath: m_LocalRotation.w
      value: 1
      objectReference: {fileID: 0}
    - target: {fileID: 1382306997739143601, guid: 1edded53b573b486b8fd394e44b55901, type: 3}
      propertyPath: m_LocalRotation.x
      value: 0
      objectReference: {fileID: 0}
    - target: {fileID: 1382306997739143601, guid: 1edded53b573b486b8fd394e44b55901, type: 3}
      propertyPath: m_LocalRotation.y
      value: 0
      objectReference: {fileID: 0}
    - target: {fileID: 1382306997739143601, guid: 1edded53b573b486b8fd394e44b55901, type: 3}
      propertyPath: m_LocalRotation.z
      value: 0
      objectReference: {fileID: 0}
    - target: {fileID: 1382306997739143601, guid: 1edded53b573b486b8fd394e44b55901, type: 3}
      propertyPath: m_AnchoredPosition.x
      value: 0
      objectReference: {fileID: 0}
    - target: {fileID: 1382306997739143601, guid: 1edded53b573b486b8fd394e44b55901, type: 3}
      propertyPath: m_AnchoredPosition.y
      value: 0
      objectReference: {fileID: 0}
    - target: {fileID: 1382306997739143601, guid: 1edded53b573b486b8fd394e44b55901, type: 3}
      propertyPath: m_LocalEulerAnglesHint.x
      value: 0
      objectReference: {fileID: 0}
    - target: {fileID: 1382306997739143601, guid: 1edded53b573b486b8fd394e44b55901, type: 3}
      propertyPath: m_LocalEulerAnglesHint.y
      value: 0
      objectReference: {fileID: 0}
    - target: {fileID: 1382306997739143601, guid: 1edded53b573b486b8fd394e44b55901, type: 3}
      propertyPath: m_LocalEulerAnglesHint.z
      value: 0
      objectReference: {fileID: 0}
    m_RemovedComponents: []
  m_SourcePrefab: {fileID: 100100000, guid: 1edded53b573b486b8fd394e44b55901, type: 3}
--- !u!1 &7468202046512724966 stripped
GameObject:
  m_CorrespondingSourceObject: {fileID: 1167001446085306307, guid: 1edded53b573b486b8fd394e44b55901, type: 3}
  m_PrefabInstance: {fileID: 8617188808337939493}
  m_PrefabAsset: {fileID: 0}
--- !u!224 &7257717327095078292 stripped
RectTransform:
  m_CorrespondingSourceObject: {fileID: 1382306997739143601, guid: 1edded53b573b486b8fd394e44b55901, type: 3}
  m_PrefabInstance: {fileID: 8617188808337939493}
  m_PrefabAsset: {fileID: 0}
